@article{edf,
  Annote = {doi: 10.1016/S1388-2457(03)00123-8},
  Author = {Kemp, Bob and Olivan, Jesus},
  Booktitle = {Clinical Neurophysiology},
  Date-Added = {2015-12-04 06:23:33 +0000},
  Date-Modified = {2015-12-04 06:24:13 +0000},
  Doi = {10.1016/S1388-2457(03)00123-8},
  Journal = {Clinical Neurophysiology},
  M3 = {doi: 10.1016/S1388-2457(03)00123-8},
  Month = {2015/12/03},
  Number = {9},
  Pages = {1755--1761},
  Publisher = {Elsevier},
  Title = {European data format `plus'(EDF+), an EDF alike standard format for the exchange of physiological data},
  Ty = {JOUR},
  Url = {http://dx.doi.org/10.1016/S1388-2457(03)00123-8},
  Volume = {114},
  Bdsk-Url-1 = {http://dx.doi.org/10.1016/S1388-2457(03)00123-8}
}

@ONLINE{hdf5,
    author = {{The HDF Group}},
    title = "{Hierarchical Data Format, version 5}",
    year = {1997-2016},
    note = {http://www.hdfgroup.org/HDF5/}
}

@ONLINE{tiledb,
    author = {{Stavros Papadopoulos, Intel Labs}},
    title = "{TileDB}",
    year = {2016},
    note = {https://github.com/stavrospapadopoulos/TileDB}
}

@ONLINE{edflib,
    author = {{Teunis van Beelen}},
    title = "{EDFlib}",
    year = {2009-2016},
    note = {https://github.com/Teuniz/EDFlib}
}

@ONLINE{eeg-toolkit,
    author = {{Joshua Blum}},
    title = "{EEGToolkit}",
    year = {2014-2016},
    note = {https://github.com/joshblum/eeg-toolkit}
}

@inproceedings{scidb,
 author = {Brown, Paul G.},
 title = {Overview of sciDB: Large Scale Array Storage, Processing and Analysis},
 booktitle = {Proceedings of the 2010 ACM SIGMOD International Conference on Management of Data},
 series = {SIGMOD '10},
 year = {2010},
 isbn = {978-1-4503-0032-2},
 location = {Indianapolis, Indiana, USA},
 pages = {963--968},
 numpages = {6},
 url = {http://doi.acm.org/10.1145/1807167.1807271},
 doi = {10.1145/1807167.1807271},
 acmid = {1807271},
 publisher = {ACM},
 address = {New York, NY, USA},
 keywords = {acm sigmod industrial proceedings scientific data management},
}

